<record><leader>00000cas a22000007a 4500</leader><controlfield tag="001">16640149</controlfield><controlfield tag="008">870903d19751991ohucr ne      0    0eng d</controlfield><datafield ind1=" " ind2=" " tag="010"><subfield code="a">sn 87075074 </subfield></datafield><datafield ind1=" " ind2=" " tag="040"><subfield code="a">ONP</subfield><subfield code="b">eng</subfield><subfield code="c">ONP</subfield><subfield code="d">OCLCQ</subfield><subfield code="d">DLC</subfield></datafield><datafield ind1=" " ind2=" " tag="042"><subfield code="a">msc</subfield></datafield><datafield ind1="0" ind2=" " tag="130"><subfield code="a">News-watchman (Waverly, Ohio)</subfield></datafield><datafield ind1="1" ind2="4" tag="245"><subfield code="a">The News-watchman.</subfield></datafield><datafield ind1="1" ind2="7" tag="246"><subfield code="a">Waverly news-watchman</subfield></datafield><datafield ind1=" " ind2=" " tag="260"><subfield code="a">Waverly, Ohio :</subfield><subfield code="b">[s.n.],</subfield><subfield code="c">1975-1991.</subfield></datafield><datafield ind1=" " ind2=" " tag="300"><subfield code="a">v.</subfield></datafield><datafield ind1=" " ind2=" " tag="310"><subfield code="a">Semiweekly,</subfield><subfield code="b">Mar. 4, 1975-Dec. 27, 1991</subfield></datafield><datafield ind1=" " ind2=" " tag="321"><subfield code="a">Weekly,</subfield><subfield code="b">Jan. 8, 1975-Feb. 26, 1975</subfield></datafield><datafield ind1="0" ind2=" " tag="362"><subfield code="a">Vol. 132, no. 1 (Jan. 8, 1975)-v. 147, no,103 (Dec. 27, 1991).</subfield></datafield><datafield ind1=" " ind2="4" tag="651"><subfield code="a">Waverly (Ohio)</subfield><subfield code="v">Newspapers.</subfield></datafield><datafield ind1=" " ind2="4" tag="651"><subfield code="a">Pike County (Ohio)</subfield><subfield code="v">Newspapers.</subfield></datafield><datafield ind1=" " ind2=" " tag="752"><subfield code="a">United States</subfield><subfield code="b">Ohio</subfield><subfield code="c">Pike</subfield><subfield code="d">Waverly.</subfield></datafield><datafield ind1="0" ind2="4" tag="780"><subfield code="t">Waverly watchman (Waverly, Ohio : 1912)</subfield><subfield code="w">(DLC)sn 87075075</subfield></datafield><datafield ind1="0" ind2="4" tag="780"><subfield code="t">Waverly news and Republican-herald</subfield><subfield code="w">(DLC)sn 87075072</subfield></datafield><datafield ind1="0" ind2="0" tag="785"><subfield code="t">Pike County news watchman</subfield><subfield code="x">2332-4821</subfield><subfield code="w">(DLC)sn 93065812</subfield><subfield code="w">(OCoLC)30761960</subfield></datafield><datafield ind1="1" ind2=" " tag="029"><subfield code="a">AU@</subfield><subfield code="b">000025799958</subfield></datafield></record>